@article{neves17,
title = "Languages and models for hybrid automata: A coalgebraic perspective",
journal = "Theoretical Computer Science",
year = "2017",
issn = "0304-3975",
author = "Renato Neves and Lu{\'{\i}}s S. Barbosa"
}


@mastersthesis{ogawa14,
     Author = {Hiroshi Ogawa},
     School = {University of Tokyo},
     Title = {COALGEBRAIC APPROACH TO EQUIVALENCES OF QUANTUM SYSTEMS},
     Year = {2014}
}


@incollection{hirvensalo11,
  title={Quantum automata theory--a review},
  author={Hirvensalo, Mika},
  booktitle={Algebraic Foundations in Computer Science},
  pages={146--167},
  year={2011},
  publisher={Springer}
}

@phdthesis{sokolova,
  title={Coalgebraic analysis of probabilistic systems},
  author={Sokolova, Ana},
  year={2005},
  school={Technische Universiteit Eindhoven}
}

@article{ying09,
  title={An algebra of quantum processes},
  author={Ying, Mingsheng and Feng, Yuan and Duan, Runyao and Ji, Zhengfeng},
  journal={ACM Transactions on Computational Logic (TOCL)},
  volume={10},
  number={3},
  pages={19},
  year={2009},
  publisher={ACM}
}

@inproceedings{jorrand04,
  title={Toward a quantum process algebra},
  author={Jorrand, Philippe and Lalire, Marie},
  booktitle={Proceedings of the 1st conference on Computing frontiers},
  pages={111--119},
  year={2004},
  organization={ACM}
}

@article{hasuo17,
  title={Semantics of higher-order quantum computation via geometry of interaction},
  author={Hasuo, Ichiro and Hoshino, Naohiko},
  journal={Annals of Pure and Applied Logic},
  volume={168},
  number={2},
  pages={404--469},
  year={2017},
  publisher={Elsevier}
}

@article{selinger04,
  title={Towards a quantum programming language},
  author={Selinger, Peter},
  journal={Mathematical Structures in Computer Science},
  volume={14},
  number={4},
  pages={527--586},
  year={2004},
  publisher={Cambridge University Press}
}

@book{Jacobs16,
  author    = {Bart Jacobs},
  title     = {Introduction to Coalgebra: Towards Mathematics of States and Observation},
  series    = {Cambridge Tracts in Theoretical Computer Science},
  volume    = {59},
  publisher = {Cambridge University Press},
  year      = {2016},
  isbn      = {9781316823187}
}

@article{rutten2000,
title = "Universal coalgebra: a theory of systems ",
journal = "Theoretical Computer Science ",
volume = "249",
number = "1",
pages = "3 - 80",
year = "2000",
note = "Modern Algebra ",
issn = "0304-3975",
author = "Jan Rutten"
}


@book{ying16,
  title={Foundations of Quantum Programming},
  author={Ying, Mingsheng},
  year={2016},
  publisher={Morgan Kaufmann}
}

@misc{nielsen2002quantum,
  title={Quantum computation and quantum information},
  author={Nielsen, Michael A and Chuang, Isaac},
  year={2002},
  publisher={AAPT}
}

@article{Arb04,
	Author  = {Farhad Arbab},
	Journal = {{Mathematical Structures in Computer Science}},
	Number  = {3},
	Pages   = {329-366},
	Title   = {{Reo: A Channel-based Coordination Model for Component Composition}},
	Volume  = {14},
	Year    = {2004}}
	
@article{Bai05,
	Author  = {C.~Baier},
	Journal = {J. {UCS}},
	Number  = {10},
	Pages   = {1718-1748},
	Title   = {{Probabilistic Models for Reo Connector Circuits}},
	Volume  = {11},
	Year    = {2005}}
	
@inproceedings{LS17,
	Author    = {Yi Li and Meng Sun},
	Booktitle = {{FACS}},
	Pages     = {1-19},
	Title     = {{Component-based Modeling in Mediator}},
    series    = {Lecture Notes in Computer Science},
    volume    = {10487},
    publisher = {Springer},
	Year      = 2017}
	
	
	
@article{Rut00,
	Author  = {Jan Rutten},
	Journal = {Theor. Comput. Sci},
	Pages   = {3-80},
	Title   = {Universal coalgebra: a theory of systems},
	Volume  = 249,
	Year    = {2000}}
	
@article{AEH09,
  author    = {Ana Sokolova and
               Erik P. de Vink and
               Harald Woracek},
  title     = {Coalgebraic Weak Bisimulation for Action-Type Systems},
  journal   = {Sci. Ann. Comp. Sci.},
  volume    = {19},
  pages     = {93--144},
  year      = {2009},
}

@article{SABZ04,
	author  = {Meng Sun and Bernhard K.~Aichernig and Lu{\'\i}s S.~Barbosa and Zhang Naixiao},
	journal = {Electr. Notes Theor. Comput. Sci.},
	pages   = {229-245},
	title   = {{A Coalgebraic Semantic Framework for Component Based Development in UML}},
	Volume  = {122},
	Year    = {2005}}
	
@article{SAB11,
	Author  = {Meng Sun and Farhad Arbab and Christel Baier},
	Journal = {Sci. Comput. Program},
	Pages   = {651-680},
	Title   = {{Synthesis of Reo circuits from scenario-based interaction specifications}},
	Volume  = {76},
	Year = {2011}}
	
@inproceedings{SB04,
	Author    = {Meng Sun and Lu{\'\i}s Soares Barbosa},
	Booktitle = {AMAST},
	Pages     = {506-520},
	Title     = {{On Refinement of Generic State-based Software Components}},
	Volume    = {3116},
	series    = {Lecture Notes in Computer Science},

    publisher = {Springer},
	Year = 2004}
	
@inproceedings{JFMBSA12,
  author    = {Jir{\'{\i}} Ad{\'{a}}mek and
               Filippo Bonchi and
               Mathias H{\"{u}}lsbusch and
               Barbara K{\"{o}}nig and
               Stefan Milius and
               Alexandra Silva},
  title     = {A Coalgebraic Perspective on Minimization and Determinization},
  series    = {Lecture Notes in Computer Science},
  volume    = {7213},
  publisher = {Springer},
  booktitle = {FoSSaCS},
  pages     = {58--73},
  year      = {2012}
}


@article{AFMJ13,
  author    = {Alexandra Silva and
               Filippo Bonchi and
               Marcello M. Bonsangue and
               Jan J. M. M. Rutten},
  title     = {Generalizing determinization from automata to coalgebras},
  journal   = {Logical Methods in Computer Science},
  volume    = {9},
  number    = {1},
  year      = {2013},
}

@book{CCS,
  author    = {Robin Milner},
  title     = {Communication and concurrency},
  series    = {{PHI} Series in computer science},
  year      = {1989},
}

@article{IBA07,
  author    = {Ichiro Hasuo and
               Bart Jacobs and
               Ana Sokolova},
  title     = {Generic Trace Semantics via Coinduction},
  journal   = {CoRR},
  volume    = {abs/0710.2505},
  year      = {2007},
}

@inproceedings{HB12,
  author    = {Henning Kerstan and
               Barbara K{\"{o}}nig},
  title     = {Coalgebraic Trace Semantics for Probabilistic Transition Systems Based
               on Measure Theory},
  booktitle = {CONCUR},
  pages     = {410--424},  
  series    = {Lecture Notes in Computer Science},
  volume    = {7454},
  publisher = {Springer},
  year      = {2012},
}

@article{HB13,
  author    = {Henning Kerstan and
               Barbara K{\"{o}}nig},
  title     = {Coalgebraic Trace Semantics for Continuous Probabilistic Transition
               Systems},
  journal   = {Logical Methods in Computer Science},
  volume    = {9},
  number    = {4},
  year      = {2013},
}


@article{AG18,
  author    = {Alexandre Goy},
  title     = {Trace semantics via determinization for probabilistic transition systems},
  journal   = {CoRR},
  volume    = {abs/1802.09084},
  year      = {2018},
}

@inproceedings{BJ97,
  author    = {Bart Jacobs},
  title     = {Invariants, Bisimulations and the Correctness of Coalgebraic Refinements},
  booktitle = {AMAST},
  pages     = {276--291},
  year      = {1997},
  series    = {Lecture Notes in Computer Science},
  volume    = {1349},
  publisher = {Springer},
}




@article{CJL09,
  author    = {C{\'{e}}sar Jesus Rodrigues and
               Jos{\'{e}} Nuno Oliveira and
               Lu{\'{\i}}s Soares Barbosa},
  title     = {A Single Complete Relational Rule for Coalgebraic Refinement},
  journal   = {Electr. Notes Theor. Comput. Sci.},
  volume    = {259},
  pages     = {3--19},
  year      = {2009},
}

@inproceedings{USLT17,
  author    = {Ulrich Dorsch and
               Stefan Milius and
               Stefan Milius and
               Lutz Schr{\"{o}}der and
               Thorsten Wi{\ss}mann},
  title     = {Efficient Coalgebraic Partition Refinement},
  series    = {LIPIcs},
  volume    = {85},
  publisher = {Schloss Dagstuhl - Leibniz-Zentrum fuer Informatik},
  booktitle = {CONCUR},
  pages     = {32:1--32:16},
  year      = {2017},
}

@article{B17,
  author    = {Bart Jacobs},
  title     = {A Recipe for State-and-Effect Triangles},
  journal   = {CoRR},
  volume    = {abs/1703.09034},
  year      = {2017},
}

@book{NM08,
  author    = {Noson S. Yanofsky and
               Mirco Mannucci},
  title     = {Quantum Computing for Computer Scientists},
  publisher = {Cambridge University Press},
  year      = {2008},
}

@inproceedings{F14,
  author    = {Frank Roumen},
  title     = {Coalgebraic Quantum Computation},
  booktitle = {Proceedings 9th Workshop on Quantum Physics and Logic, {QPL} 2012,
               Brussels, Belgium, 10-12 October 2012.},
  pages     = {29--38},
  volume    = {158},
  year      = {2014},
  series    = {{EPTCS}},
  editor    = {Ross Duncan and
               Prakash Panangaden},
}

@article{RB15,
  author    = {Robert W. J. Furber and
               Bart P. F. Jacobs},
  title     = {From Kleisli Categories to Commutative C*-algebras: Probabilistic
               Gelfand Duality},
  journal   = {Logical Methods in Computer Science},
  volume    = {11},
  number    = {2},
  year      = {2015},
}

@inproceedings{M11,
  author    = {Mika Hirvensalo},
  title     = {Quantum Automata Theory - {A} Review},
  booktitle = {Algebraic Foundations in Computer Science - Essays Dedicated to Symeon
               Bozapalidis on the Occasion of His Retirement},
  pages     = {146--167},
  year      = {2011},
  series    = {Lecture Notes in Computer Science},
  volume    = {7020},
  publisher = {Springer},
  editor    = {Werner Kuich and
               George Rahonis},
}

@mastersthesis{F12,
author 		= {Frank Roumen},
title		= {Coalgebraic Semantics for Quantum Computation},
school		= {Radboud University Nijmegen},
year		= {2012}
}

@mastersthesis{H14,
author		={Hiroshi Ogawa},
title 		={Coalgebraic Approach to Equivalences of Quantum Systems},
type		={A senior thesis},
school		={University of Tokyo},
year		={2014},
}

@article{CJ00,
  author    = {Cristopher Moore and
               James P. Crutchfield},
  title     = {Quantum automata and quantum grammars},
  journal   = {Theor. Comput. Sci.},
  volume    = {237},
  number    = {1-2},
  pages     = {275--306},
  year      = {2000},
}

@inproceedings{AJ97,
  author    = {Attila Kondacs and
               John Watrous},
  title     = {On the Power of Quantum Finite State Automata},
  booktitle = {38th Annual Symposium on Foundations of Computer Science, {FOCS} '97,
               Miami Beach, Florida, USA, October 19-22, 1997},
  pages     = {66--75},
  year      = {1997},
  publisher = {{IEEE} Computer Society},
}

@inproceedings{AA14,
  author    = {A. C. Cem Say and
               Abuzer Yakaryilmaz},
  title     = {Quantum Finite Automata: {A} Modern Introduction},
  booktitle = {Computing with New Resources - Essays Dedicated to Jozef Gruska on
               the Occasion of His 80th Birthday},
  pages     = {208--222},
  year      = {2014},
  editor    = {Cristian S. Calude and
               Rusins Freivalds and
               Kazuo Iwama},
  series    = {Lecture Notes in Computer Science},
  volume    = {8808},
  publisher = {Springer},
}

@inproceedings{B11,
  author    = {Bart Jacobs},
  title     = {Coalgebraic Walks, in Quantum and Turing Computation},
  booktitle = {Foundations of Software Science and Computational Structures - 14th
               International Conference, {FOSSACS} 2011, Held as Part of the Joint
               European Conferences on Theory and Practice of Software, {ETAPS} 2011,
               Saarbr{\"{u}}cken, Germany, March 26-April 3, 2011. Proceedings},
  pages     = {12--26},
  year      = {2011},
  editor    = {Martin Hofmann},
  series    = {Lecture Notes in Computer Science},
  volume    = {6604},
  publisher = {Springer},
}









